@misc{caffe2,
    author = "{Facebook Research}",
    title = "Caffe2",
    url = "https://caffe2.ai",
    note = "[Online; accessed 13-February-2019]"
  }
  
@misc{tensorflow,
    author = "{Google Brain Team}",
    title = "Tensorflow",
    url = "https://www.tensorFlow.org",
    note = "[Online; accessed 13-February-2019]"
  }
  
@misc{pytorch,
    author={Adam Paszke, Sam Gross, Soumith Chintala, Gregory Chanan}
    title = "PyTorch",
    url = "https://pytorch.org",
    note = "[Online; accessed 13-February-2019]"
  }
  
@article{tensor2tensor,
  author    = {Ashish Vaswani and Samy Bengio and Eugene Brevdo and
    Francois Chollet and Aidan N. Gomez and Stephan Gouws and Llion Jones and
    \L{}ukasz Kaiser and Nal Kalchbrenner and Niki Parmar and Ryan Sepassi and
    Noam Shazeer and Jakob Uszkoreit},
  title     = {Tensor2Tensor for Neural Machine Translation},
  journal   = {CoRR},
  volume    = {abs/1803.07416},
  year      = {2018},
  url       = {http://arxiv.org/abs/1803.07416},
}

@misc{mxnet,
    author={Apache Foundation}
    title = "Apache MXNet",
    url = "https://mxnet.incubator.apache.org",
    note = "[Online; accessed 13-February-2019]"
  }
  
@inproceedings{proteus,
  title={Proteus: agile ML elasticity through tiered reliability in dynamic resource markets},
  author={Harlap, Aaron and Tumanov, Alexey and Chung, Andrew and Ganger, Gregory R and Gibbons, Phillip B},
  booktitle={Proceedings of the Twelfth European Conference on Computer Systems},
  pages={589--604},
  year={2017},
  organization={ACM}
}

@article{See_spotrun,
  title={See Spot Run: Using Spot Instances for MapReduce Workflows.},
  author={Chohan, Navraj and Castillo, Claris and Spreitzer, Mike and Steinder, Malgorzata and Tantawi, Asser N and Krintz, Chandra},
  journal={HotCloud},
  volume={10},
  pages={7--7},
  year={2010}
}

@inproceedings{sharma2016flint,
  title={Flint: batch-interactive data-intensive processing on transient servers},
  author={Sharma, Prateek and Guo, Tian and He, Xin and Irwin, David and Shenoy, Prashant},
  booktitle={Proceedings of the Eleventh European Conference on Computer Systems},
  pages={6},
  year={2016},
  organization={ACM}
}

@inproceedings{yan2016tr,
  title={Tr-spark: Transient computing for big data analytics},
  author={Yan, Ying and Gao, Yanjie and Chen, Yang and Guo, Zhongxin and Chen, Bole and Moscibroda, Thomas},
  booktitle={Proceedings of the Seventh ACM Symposium on Cloud Computing},
  pages={484--496},
  year={2016},
  organization={ACM}
}

@inproceedings{subramanya2015spoton,
  title={SpotOn: a batch computing service for the spot market},
  author={Subramanya, Supreeth and Guo, Tian and Sharma, Prateek and Irwin, David and Shenoy, Prashant},
  booktitle={Proceedings of the sixth ACM symposium on cloud computing},
  pages={329--341},
  year={2015},
  organization={ACM}
}

@inproceedings{deepspotcloud,
  title={DeepSpotCloud: leveraging cross-region GPU spot instances for deep learning},
  author={Lee, Kyungyong and Son, Myungjun},
  booktitle={Cloud Computing (CLOUD), 2017 IEEE 10th International Conference on},
  pages={98--105},
  year={2017},
  organization={IEEE}
}

@inproceedings{2016cloudandbigdata,
  title={Benchmarking state-of-the-art deep learning software tools},
  author={Shi, Shaohuai and Wang, Qiang and Xu, Pengfei and Chu, Xiaowen},
  booktitle={Cloud Computing and Big Data (CCBD), 2016 7th International Conference on},
  pages={99--104},
  year={2016},
  organization={IEEE}
}