@misc{caffe2,
    author = "{Facebook Research}",
    title = "Caffe2",
    url = "https://caffe2.ai",
    note = "[accessed February 2019]"
  }
  
@misc{cntk,
    author = "{Microsoft Research}",
    title = "Microsoft Cognitive Toolkit",
    url = "https://github.com/Microsoft/CNTK",
    note = "[accessed February 2019]"
  }
  
@misc{tensorflow-site,
    author = "{Google Brain Team}",
    title = "Tensorflow",
    url = "https://www.tensorFlow.org",
    note = "[accessed February 2019]"
  }

@misc{pytorch,
    author={Adam Paszke and Sam Gross and Soumith Chintala and Gregory Chanan},
    title = "PyTorch",
    url = "https://pytorch.org",
    note = "[accessed February 2019]"
  }
  
@article{tensor2tensor,
  author    = {Ashish Vaswani and Samy Bengio and Eugene Brevdo and
    Francois Chollet and Aidan N. Gomez and Stephan Gouws and Llion Jones and
    \L{}ukasz Kaiser and Nal Kalchbrenner and Niki Parmar and Ryan Sepassi and
    Noam Shazeer and Jakob Uszkoreit},
  title     = {Tensor2Tensor for Neural Machine Translation},
  journal   = {CoRR},
  volume    = {abs/1803.07416},
  year      = {2018},
}

@inproceedings{porfolio-2,
  title={A Prediction Approach to Define Checkpoint Intervals in Spot Instances},
  author={Neto, Jose Pergentino A and Pianto, Donald M and Ralha, C{\'e}lia Ghedini},
  booktitle={International Conference on Cloud Computing},
  year={2018},
}

@misc{mxnet,
    author={Apache Foundation},
    title = "Apache MXNet",
    url = "https://mxnet.incubator.apache.org",
    note = "[accessed February 2019]"
  }
  
@inproceedings{proteus,
  title={Proteus: agile ML elasticity through tiered reliability in dynamic resource markets},
  author={Harlap, Aaron and Tumanov, Alexey and Chung, Andrew and Ganger, Gregory R and Gibbons, Phillip B},
  booktitle={Proceedings of the Twelfth European Conference on Computer Systems},
  year={2017},
}

@article{See_spotrun,
  title={See Spot Run: Using Spot Instances for MapReduce Workflows.},
  author={Chohan, Navraj and Castillo, Claris and Spreitzer, Mike and Steinder, Malgorzata and Tantawi, Asser N and Krintz, Chandra},
  journal={HotCloud},
  volume={10},
  year={2010}
}

@inproceedings{Flint,
  title={Flint: batch-interactive data-intensive processing on transient servers},
  author={Sharma, Prateek and Guo, Tian and He, Xin and Irwin, David and Shenoy, Prashant},
  booktitle={Proceedings of the Eleventh European Conference on Computer Systems},
  year={2016},
}

@inproceedings{Tr-spark,
  title={Tr-spark: Transient computing for big data analytics},
  author={Yan, Ying and Gao, Yanjie and Chen, Yang and Guo, Zhongxin and Chen, Bole and Moscibroda, Thomas},
  booktitle={Proceedings of the Seventh ACM Symposium on Cloud Computing},
  year={2016},
}

@inproceedings{spoton,
  title={SpotOn: a batch computing service for the spot market},
  author={Subramanya, Supreeth and Guo, Tian and Sharma, Prateek and Irwin, David and Shenoy, Prashant},
  booktitle={Proceedings of the sixth ACM symposium on cloud computing},
  year={2015},
}

@inproceedings{deepspotcloud,
  title={DeepSpotCloud: leveraging cross-region GPU spot instances for deep learning},
  author={Lee, Kyungyong and Son, Myungjun},
  booktitle={IEEE 10th International Conference on Cloud Computing},
  year = {2017}
}

@article{portfolio-driven,
  title={Portfolio-driven resource management for transient cloud servers},
  author={Sharma, Prateek and Irwin, David and Shenoy, Prashant},
  journal={Proceedings of the ACM on Measurement and Analysis of Computing Systems},
  year={2017},
}

@inproceedings{2016cloudandbigdata,
  title={Benchmarking state-of-the-art deep learning software tools},
  author={Shi, Shaohuai and Wang, Qiang and Xu, Pengfei and Chu, Xiaowen},
  booktitle={7th International Conference on Cloud Computing and Big Data},
  year={2016},
}

@inproceedings{spotcheck,
  title={Spotcheck: Designing a derivative iaas cloud on the spot market},
  author={Sharma, Prateek and Lee, Stephen and Guo, Tian and Irwin, David and Shenoy, Prashant},
  booktitle={Proceedings of the Tenth European Conference on Computer Systems},
  year={2015},
}

@article{goyal2017accurate,
  title={Accurate, large minibatch sgd: Training imagenet in 1 hour},
  author={Goyal, Priya and Doll{\'a}r, Piotr and Girshick, Ross and Noordhuis, Pieter and Wesolowski, Lukasz and Kyrola, Aapo and Tulloch, Andrew and Jia, Yangqing and He, Kaiming},
  journal={arXiv preprint arXiv:1706.02677},
  year={2017}
}

@misc{ec2,
    title = "Amazon EC2",
    author = "{Amazon}",
    url = "https://aws.amazon.com/ec2/",
    note = "[accessed February 2019]"
  }
  
@misc{gce,
    title = "Compute Engine - IaaS",
    author = "{Google}",
    url = "https://cloud.google.com/compute/",
    note = "[accessed February 2019]"
  }
  
@misc{ec2_spot,
    title = "Amazon EC2 Spot Instances",
    author = "{Amazon}",
    url = "https://aws.amazon.com/ec2/spot/",
    note = "[accessed February 2019]"
  }
  
  @misc{gce_preemptible,
    title = "Preemptible VM Instances",
    author = "{Google}",
    url = "https://cloud.google.com/compute/docs/instances/preemptible",
    note = "[accessed February 2019]"
  }
  
 @inproceedings{he2016deep,
  title={Deep residual learning for image recognition},
  author={He, Kaiming and Zhang, Xiangyu and Ren, Shaoqing and Sun, Jian},
  booktitle={Proceedings of the IEEE conference on computer vision and pattern recognition},
  year={2016}
}

@techreport{krizhevsky2009learning,
  title={Learning multiple layers of features from tiny images},
  author={Krizhevsky, Alex and Hinton, Geoffrey},
  year={2009},
  institution={Citeseer}
}

  @misc{billing,
    title = "Extending per second billing in Google Cloud",
    author = "{Google Cloud Platform}",
    url = "https://cloud.google.com/blog/products/gcp/extending-per-second-billing-in-google",
    note = "[accessed February 2019]"
  }
  
  @inproceedings{stale1,
  title={More effective distributed ml via a stale synchronous parallel parameter server},
  author={Ho, Qirong and Cipar, James and Cui, Henggang and Lee, Seunghak and Kim, Jin Kyu and Gibbons, Phillip B and Gibson, Garth A and Ganger, Greg and Xing, Eric P},
  booktitle={Advances in neural information processing systems},
  year={2013}
}
  
  @article{stale2,
  title={Staleness-aware async-sgd for distributed deep learning},
  author={Zhang, Wei and Gupta, Suyog and Lian, Xiangru and Liu, Ji},
  journal={arXiv preprint arXiv:1511.05950},
  year={2015}
}
  
  @article{stale3,
  title={Slow and stale gradients can win the race: Error-runtime trade-offs in distributed SGD},
  author={Dutta, Sanghamitra and Joshi, Gauri and Ghosh, Soumyadip and Dube, Parijat and Nagpurkar, Priya},
  journal={arXiv preprint arXiv:1803.01113},
  year={2018}
}

@article{stale4,
  title={Revisiting distributed synchronous SGD},
  author={Chen, Jianmin and Pan, Xinghao and Monga, Rajat and Bengio, Samy and Jozefowicz, Rafal},
  journal={arXiv preprint arXiv:1604.00981},
  year={2016}
}

@inproceedings{shi2018performance,
  title={Performance modeling and evaluation of distributed deep learning frameworks on gpus},
  author={Shi, Shaohuai and Wang, Qiang and Chu, Xiaowen},
  booktitle={2018 IEEE 16th DASC/PiCom/DataCom/CyberSciTech},
  year={2018},
}

@inproceedings{tensorflow,
title	= {TensorFlow: A system for large-scale machine learning},
author	= {Martin Abadi and Paul Barham and Jianmin Chen and Zhifeng Chen and Andy Davis and Jeffrey Dean and others},
booktitle	= {USENIX Symposium on Operating Systems Design and Implementation},
year	= {2016},
}



@inproceedings{glorot2010understanding,
  title={Understanding the difficulty of training deep feedforward neural networks},
  author={Glorot, Xavier and Bengio, Yoshua},
  booktitle={Proceedings of the thirteenth international conference on artificial intelligence and statistics},
  year={2010}
}

@inproceedings{jeffdean,
  title={Large scale distributed deep networks},
  author={Dean, Jeffrey and Corrado, Greg and Monga, Rajat and Chen, Kai and Devin, Matthieu and Mao, Mark and Senior, Andrew and Tucker, Paul and Yang, Ke and Le, Quoc V and others},
  booktitle={Advances in neural information processing systems},
  year={2012}
}

@article{lin2017deep,
  title={Deep gradient compression: Reducing the communication bandwidth for distributed training},
  author={Lin, Yujun and Han, Song and Mao, Huizi and Wang, Yu and Dally, William J},
  journal={arXiv preprint arXiv:1712.01887},
  year={2017}
}

@inproceedings{wen2017terngrad,
  title={Terngrad: Ternary gradients to reduce communication in distributed deep learning},
  author={Wen, Wei and Xu, Cong and Yan, Feng and Wu, Chunpeng and Wang, Yandan and Chen, Yiran and Li, Hai},
  booktitle={Advances in neural information processing systems},
  year={2017}
}

@inproceedings{strom2015scalable,
  title={Scalable distributed DNN training using commodity GPU cloud computing},
  author={Strom, Nikko},
  booktitle={Sixteenth Annual Conference of the International Speech Communication Association},
  year={2015}
}

@article{srinivasan2018analysis,
  title={An analysis of the delayed gradients problem in asynchronous sgd},
  author={Srinivasan, Anand and Jain, Ajay and Barekatain, Parnian},
  year={2018}
}

@inproceedings{zheng2017asynchronous,
  title={Asynchronous stochastic gradient descent with delay compensation},
  author={Zheng, Shuxin and Meng, Qi and Wang, Taifeng and Chen, Wei and Yu, Nenghai and Ma, Zhi-Ming and Liu, Tie-Yan},
  booktitle={Proceedings of the 34th International Conference on Machine Learning-Volume 70},
  year={2017},
  organization={JMLR. org}
}

@inproceedings{you2018imagenet,
  title={Imagenet training in minutes},
  author={You, Yang and Zhang, Zhao and Hsieh, Cho-Jui and Demmel, James and Keutzer, Kurt},
  booktitle={Proceedings of the 47th International Conference on Parallel Processing},
  year={2018},
}

@article{akiba2017extremely,
  title={Extremely large minibatch sgd: Training resnet-50 on imagenet in 15 minutes},
  author={Akiba, Takuya and Suzuki, Shuji and Fukuda, Keisuke},
  journal={arXiv preprint arXiv:1711.04325},
  year={2017}
}

@inproceedings{peng2018optimus,
  title={Optimus: an efficient dynamic resource scheduler for deep learning clusters},
  author={Peng, Yanghua and Bao, Yixin and Chen, Yangrui and Wu, Chuan and Guo, Chuanxiong},
  booktitle={Proceedings of the Thirteenth EuroSys Conference},
  year={2018},
}

@incollection{sgd1,
title = {Deep learning with Elastic Averaging SGD},
author = {Zhang, Sixin and Choromanska, Anna E and LeCun, Yann},
booktitle = {Advances in Neural Information Processing Systems 28},
editor = {C. Cortes and N. D. Lawrence and D. D. Lee and M. Sugiyama and R. Garnett},
year = {2015},
publisher = {Curran Associates, Inc.},
}

@misc{dt_mxnet,
    author = "{Amazon Web Services - Labs}",
    title = "Dynamic Training with Apache MXNet",
    url = "https://github.com/awslabs/dynamic-training-with-apache-mxnet-on-aws",
    note = "[accessed February 2019]"
  }
  
  @inproceedings {project_adam,
author = {Trishul Chilimbi and Yutaka Suzue and Johnson Apacible and Karthik Kalyanaraman},
title = {Project Adam: Building an Efficient and Scalable Deep Learning Training System},
booktitle = {{USENIX} Symposium on Operating Systems Design and Implementation},
year = {2014},
isbn = { 978-1-931971-16-4},
}

@InProceedings{firecaffe,
author = {Iandola, Forrest N. and Moskewicz, Matthew W. and Ashraf, Khalid and Keutzer, Kurt},
title = {FireCaffe: Near-Linear Acceleration of Deep Neural Network Training on Compute Clusters},
booktitle = {The IEEE Conference on Computer Vision and Pattern Recognition},
year = {2016}
}

@inproceedings{geeps,
 author = {Cui, Henggang and Zhang, Hao and Ganger, Gregory R. and Gibbons, Phillip B. and Xing, Eric P.},
 title = {GeePS: Scalable Deep Learning on Distributed GPUs with a GPU-specialized Parameter Server},
 booktitle = {Proceedings of the Eleventh European Conference on Computer Systems},
 year = {2016},
} 

@inproceedings{dl_perf1,
 author = {Yan, Feng and Ruwase, Olatunji and He, Yuxiong and Chilimbi, Trishul},
 title = {Performance Modeling and Scalability Optimization of Distributed Deep Learning Systems},
 booktitle = {Proceedings of the ACM SIGKDD International Conference on Knowledge Discovery and Data Mining},
 year = {2015},
 keywords = {deep learning, distributed system, optimization, performance modeling, scalability},
} 

@article{dl_perf2,
  author    = {Tal Ben{-}Nun and
               Torsten Hoefler},
  title     = {Demystifying Parallel and Distributed Deep Learning: An In-Depth Concurrency
               Analysis},
  journal   = {CoRR},
  volume    = {abs/1802.09941},
  year      = {2018},
  archivePrefix = {arXiv},
  eprint    = {1802.09941},
  timestamp = {Mon, 13 Aug 2018 16:47:43 +0200},
  biburl    = {https://dblp.org/rec/bib/journals/corr/abs-1802-09941},
  bibsource = {dblp computer science bibliography, https://dblp.org}
}

@inproceedings{hotspot,
 author = {Shastri, Supreeth and Irwin, David},
 title = {HotSpot: Automated Server Hopping in Cloud Spot Markets},
 booktitle = {Proceedings of the Symposium on Cloud Computing},
 year = {2017},
 isbn = {978-1-4503-5028-0},
 doi = {10.1145/3127479.3132017},
 acmid = {3132017},
 keywords = {hopping, price risk, revocation, spot market, transient server},
}

@inproceedings{spot_burstable,
 author = {Wang, Cheng and Urgaonkar, Bhuvan and Gupta, Aayush and Kesidis, George and Liang, Qianlin},
 title = {Exploiting Spot and Burstable Instances for Improving the Cost-efficacy of In-Memory Caches on the Public Cloud},
 booktitle = {Proceedings of the Twelfth European Conference on Computer Systems},
 year = {2017},
 isbn = {978-1-4503-4938-3},
 numpages = {15},
 doi = {10.1145/3064176.3064220},
 acmid = {3064220},
 keywords = {burstable instance, in-memory caches, public cloud, spot instance},
} 

@inproceedings {tributary,
author = {Aaron Harlap and Andrew Chung and Alexey Tumanov and Gregory R. Ganger and Phillip B. Gibbons},
title = {Tributary: spot-dancing for elastic services with latency SLOs},
booktitle = {{USENIX} Annual Technical Conference},
year = {2018},
isbn = {978-1-931971-44-7},
}

@INPROCEEDINGS{spotlight, 
author={X. {Ouyang} and D. {Irwin} and P. {Shenoy}}, 
booktitle={2016 IEEE 36th International Conference on Distributed Computing Systems}, 
title={SpotLight: An Information Service for the Cloud}, 
year={2016}, 
volume={}, 
number={}, 
keywords={cloud computing;data analysis;SpotLight;cloud information service;infrastructure-as-a-Service cloud platforms;cloud risk-cost tradeoffs;Internet bandwidth probing;market-based probing policy;cloud spot markets;fixed-price on-demand server supply;data query;Amazon elastic compute cloud;data analysis;Servers;Cloud computing;Contracts;Real-time systems;Information services;Probes;Decision making}, 
doi={10.1109/ICDCS.2016.88}, 
ISSN={1063-6927}, 
month={June},}

@article{resnet,
	author = {Kaiming He and Xiangyu Zhang and Shaoqing Ren and Jian Sun},
	title = {Deep Residual Learning for Image Recognition},
	journal = {arXiv preprint arXiv:1512.03385},
	year = {2015}
}

@ARTICLE{efficient_dnn, 
author={V. {Sze} and Y. {Chen} and T. {Yang} and J. S. {Emer}}, 
journal={Proceedings of the IEEE}, 
title={Efficient Processing of Deep Neural Networks: A Tutorial and Survey}, 
year={2017}, 
keywords={artificial intelligence;computational complexity;neural nets;energy efficiency;hardware design changes;DNN hardware designs;deep neural networks;hardware cost;computation cost reduction;artificial intelligence;computational complexity;hardware platforms;hardware architecture;DNN hardware implementations;Neurons;Biological neural networks;Artificial intelligence;Machine learning;Neural networks;Tutorials;Convolutional neural networks;Artificial intelligence;Benchmark testing;Computer architecture;ASIC;computer architecture;convolutional neural networks;dataflow processing;deep learning;deep neural networks;energy-efficient accelerators;low power;machine learning;spatial architectures;VLSI}, 
doi={10.1109/JPROC.2017.2761740}, 
ISSN={0018-9219}, 
}
